<?xml version="1.0" encoding="UTF-8"?><record xmlns="http://www.loc.gov/MARC21/slim" xmlns:cinclude="http://apache.org/cocoon/include/1.0" xmlns:zs="http://www.loc.gov/zing/srw/">
  <leader>00462nz  a2200145n  4500</leader>
  <controlfield tag="001">no2004085436</controlfield>
  <controlfield tag="003">DLC</controlfield>
  <controlfield tag="005">20040904071034.0</controlfield>
  <controlfield tag="008">040903n| acannaabn          |a aaa     c</controlfield>
  <datafield tag="010" ind1=" " ind2=" ">
    <subfield code="a">no2004085436</subfield>
  </datafield>
  <datafield tag="035" ind1=" " ind2=" ">
    <subfield code="a">(OCoLC)oca06435258</subfield>
  </datafield>
  <datafield tag="040" ind1=" " ind2=" ">
    <subfield code="a">MiEM</subfield>
    <subfield code="b">eng</subfield>
    <subfield code="c">MiEM</subfield>
  </datafield>
  <datafield tag="100" ind1="1" ind2=" ">
    <subfield code="a">Burns, Richard</subfield>
    <subfield code="q">(Richard G.)</subfield>
  </datafield>
  <datafield tag="400" ind1="1" ind2=" ">
    <subfield code="a">Burns, R. G.</subfield>
    <subfield code="q">(Richard G.)</subfield>
  </datafield>
  <datafield tag="670" ind1=" " ind2=" ">
    <subfield code="a">The village of hope, c1956:</subfield>
    <subfield code="b">t.p. (Richard Burns, illustrator); p. 4, 15, 17, 19 (illustrations signed RG Burns)</subfield>
  </datafield>
</record>